<?xml version="1.0" encoding="UTF-8"?>
<record xmlns="http://www.loc.gov/MARC21/slim" xmlns:xsi="http://www.w3.org/2001/XMLSchema-instance" xsi:schemaLocation="http://www.loc.gov/MARC21/slim http://www.loc.gov/standards/marcxml/schema/MARC21slim.xsd">
<leader>     cam a2200265 a 4500</leader>
<controlfield tag="001">001680638</controlfield>
<controlfield tag="003">NNU</controlfield>
<controlfield tag="005">19970407174526.8</controlfield>
<controlfield tag="008">890301s1942    ua            000 1 arard</controlfield>
<datafield tag="035" ind1="9" ind2=" ">
<subfield code="a">NYUb12224041</subfield>
</datafield>
<datafield tag="035" ind1=" " ind2=" ">
<subfield code="a">(MH)MHBIB95689HU</subfield>
</datafield>
<datafield tag="035" ind1=" " ind2=" ">
<subfield code="a">(OCoLC)23498269</subfield>
</datafield>
<datafield tag="035" ind1=" " ind2=" ">
<subfield code="a">(CStRLIN)MAHGBIB95689-B</subfield>
</datafield>
<datafield tag="040" ind1=" " ind2=" ">
<subfield code="a">MiU</subfield>
<subfield code="c">MiU</subfield>
<subfield code="d">UU</subfield>
<subfield code="d">MH</subfield>
<subfield code="d">CStRLIN</subfield>
</datafield>
<datafield tag="050" ind1=" " ind2="4">
<subfield code="a">PJ7824.F235</subfield>
<subfield code="b">S8</subfield>
</datafield>
<datafield tag="100" ind1="1" ind2=" ">
<subfield code="a">Fāris, Bishr.</subfield>
</datafield>
<datafield tag="245" ind1="1" ind2="0">
<subfield code="a">Sūʼ tafāhum /</subfield>
<subfield code="c">Bishr Fāris.</subfield>
</datafield>
<datafield tag="246" ind1="1" ind2="5">
<subfield code="a">Malentendus : contes</subfield>
</datafield>
<datafield tag="260" ind1=" " ind2=" ">
<subfield code="a">Miṣr :</subfield>
<subfield code="b">Maṭbaʻat al-Maʻārif wa-Maktabatuhā,</subfield>
<subfield code="c">1942.</subfield>
</datafield>
<datafield tag="300" ind1=" " ind2=" ">
<subfield code="a">124 p. ;</subfield>
<subfield code="c">21 cm.</subfield>
</datafield>
<datafield tag="500" ind1=" " ind2=" ">
<subfield code="a">Short stories.</subfield>
</datafield>
<datafield tag="500" ind1=" " ind2=" ">
<subfield code="a">Text in Arabic.</subfield>
</datafield>
<datafield tag="500" ind1=" " ind2=" ">
<subfield code="a">Added t.p.: Malentendus; contes par Bishr Farès.</subfield>
</datafield>
<datafield tag="OWN" ind1=" " ind2=" ">
<subfield code="a">GENERAL</subfield>
</datafield>
<datafield tag="950" ind1=" " ind2=" ">
<subfield code="l">BMAIN</subfield>
<subfield code="a">PJ7824.A716</subfield>
<subfield code="b">S8</subfield>
</datafield>
<datafield tag="955" ind1=" " ind2=" ">
<subfield code="l">BMAIN</subfield>
<subfield code="c">1</subfield>
<subfield code="r">028852054</subfield>
</datafield>
<datafield tag="998" ind1=" " ind2=" ">
<subfield code="s">9115</subfield>
</datafield>
<datafield tag="AVA" ind1=" " ind2=" ">
<subfield code="a">NYU50</subfield>
<subfield code="b">BOBST</subfield>
<subfield code="c">Main Collection</subfield>
<subfield code="d">PJ7824.A716 S8</subfield>
<subfield code="e">unavailable</subfield>
<subfield code="t">Unavailable</subfield>
<subfield code="f">1</subfield>
<subfield code="g">1</subfield>
<subfield code="h">N</subfield>
<subfield code="i">0</subfield>
<subfield code="j">MAIN</subfield>
</datafield>
</record>
